@ARTICLE{ChenEa2012,
  author = {Mridul Aanjaneya and Frederic Chazal and Daniel Chen and Marc Glisse and Leonidas Guibas and Dmitriy Morozov},
  title = {Metric graph reconstruction from noisy data},
  journal = {International Journal of Computational Geometry \& Applications},
  year = {2012},
  volume = {22},
  number = {4},
  pages = {305--325}
}

@INPROCEEDINGS{HarPeledEa2013,
 author = {Har-Peled, Sariel and Raichel, Benjamin Adam},
 title = {Net and Prune: A Linear Time Algorithm for Euclidean Distance Problems},
 booktitle = {Proceedings of the Forty-fifth Annual ACM Symposium on Theory of Computing},
 series = {STOC '13},
 year = {2013},
 pages = {605--614}
}
